@book{evans2006invisible,
  title={Invisible engines: how software platforms drive innovation and transform industries},
  author={Evans, David Sparks and Hagiu, Andrei and Schmalensee, Richard},
  year={2006},
  publisher={MIT Press Cambridge, MA}
}

@book{novak,
  title={Game Development Essentials: An Introduction},
  author={Novak, J.},
  isbn={9781133708797},
  url={https://books.google.co.uk/books?id=mYEJAAAAQBAJ},
  year={2011},
  publisher={Cengage Learning}
}

@book{russell,
  title={101 Amazing Sega Master System Facts},
  author={Russell, J.},
  isbn={9781782346227},
  series={Games Console History},
  url={https://books.google.co.uk/books?id=1dK-BAAAQBAJ},
  year={2013},
  publisher={Andrews UK Limited}
}

@article{SegaScopeTech,
  title={3-D Gaming Origins – SegaScope 3D for the Sega Master System},
  author={D.S Cohen},
  url= {http://classicgames.about.com/od/classicvideogames101/p/3-D-Gaming-Origins-Segascope-3d-For-The-Sega-Master-System.htm}
}

@article{racket,
  title={sega master system 101 a beginners guide},
  author={Nick Racket},
  year={2008},
  url= {http://www.racketboy.com/retro/sega/sms/sega-master-system-101-a-beginners-guide}
}

@book{Weiss2009,
author = "Brett Weiss and Bill Kunkel",
isbn = "9780786454082",
publisher = "McFarland  Co",
address = "United States",
title = "Classic Home Video Games, 1985-1988: A Complete Reference Guide",
year = "2009",
month = "12"
}

@article{Workman,
  title={A Brief History of Video Game Virtual Reality, and Why This Time Will be Different},
  author={Robert Workman},
  publisher{PRIMAGames},
  year{2014},
  url={http://www.primagames.com/games/killzone-shadow-fall/feature/brief-history-video-game-virtual-reality-and-why-time-will-be-different}
}

@article{Orland,
  title={The rise and fall (and rise and fall) of gaming’s third-party exclusives},
  author={Kyle Orland},
  year={2014},
  month={08}
  publisher={arstechnica},
  url={http://arstechnica.com/gaming/2014/08/the-rise-and-fall-and-rise-and-fall-of-gamings-third-party-exclusives/}
}

@article{parkin,
  title= {A history of videogame hardware: Sega Master System},
  author={Simon Parkin},
  url={http://console-history.dcemu.co.uk/a-history-of-videogame-hardware-sega-master-system-1013040.html},
  year={2014},
  publisher={Edge}
}



